<?xml version="1.0" encoding="UTF-8"?><collection xmlns="http://www.loc.gov/MARC21/slim"><record><leader>00429nam--2200133-i-4500</leader><controlfield tag="001">000039033</controlfield><controlfield tag="002">20161230</controlfield><controlfield tag="005">20161230201042</controlfield><controlfield tag="008">060222s1000------------r-----000-0-eng-d</controlfield><datafield ind1=" " ind2=" " tag="080"><subfield code="a">53534</subfield></datafield><datafield ind1=" " ind2=" " tag="100"><subfield code="a">Thompson, K.C.And Reynolds, R.J</subfield></datafield><datafield ind1=" " ind2=" " tag="245"><subfield code="a">Atomic absorption, fluorescence and flame emission spectroscopy. a p ractical approach. second edition</subfield></datafield><datafield ind1=" " ind2=" " tag="260"><subfield code="a">London, Charles Griffin &amp; Co.Ltd., 1978, Viii + 319p</subfield></datafield><datafield ind1=" " ind2=" " tag="852"><subfield code="a">47036</subfield></datafield></record></collection>